@article{derringer1980,
author = {G.~C.~Derringer and R.~Suich},
title = {Simultaneous {O}ptimization of {S}everal {R}esponse {V}ariables},
journal = {Journal of {Q}uality {T}echno\-logy},
volume = 12,
year = 1980,
pages = {214 -- 219}
}
 
@article{harrington1965,
author = {J.~Harrington},
title = {The desirability function},
journal = {{I}ndustrial {Q}uality {C}ontrol},
volume = 21,
pages = {494 -- 498},
year = 1965
}

@inproceedings{mehnen2007,
author = "J.~Mehnen and H.~Trautmann and A.~Tiwari",
title = {{I}ntroducing {U}ser {P}reference {U}sing {D}esirability {F}unctions in 
         {M}ulti-{O}bjective {E}volutionary {O}ptimisation of {N}oisy {P}rocesses},
editor = "Kay Chen Tan and Jian-Xin Xu",
year = 2007,
booktitle = {CEC 2007, IEEE Congress on Evolutionary Computation},
pages = {2687--2694},
address = "Swissotel The Stamford, Singapore",
}
 
@phdthesis{steuer2005,
author = {D.~Steuer},
title = {Statistische Eigenschaften der Multikriteriellen Optimierung mittels Wünschbarkeiten},
school = {Technische Universit{\"a}t Dortmund},
year = 2005,
url={http://hdl.handle.net/2003/20171}
}
 
@phdthesis{trautmann2004,
author={H.~Trautmann},
title={{Q}ualit{\"a}tskontrolle in der {I}ndustrie anhand von {K}ontrollkarten f{\"u}r
       {W}{\"u}nschbarkeitsindizes -- {A}nwendungsfeld {L}agerverwaltung},
school={Technische Universit{\"a}t Dortmund},
year={2004},
url={http://hdl.handle.net/2003/2794}
}

@techreport{trautmann2004a,
author={H.~Trautmann and C.~Weihs},
title={{U}ncertainty of the {O}ptimum {I}nfluence {F}actor {L}evels in {M}ulticriteria
        {O}ptimization {U}sing the {C}oncept of {D}esirability},
institution={{SFB 475}, {S}tatistics {F}aculty, Technische Universität Dortmund, {G}ermany},
year={2004},
number={23/2004}
}

@article{trautmann2006,
author={H.~Trautmann and C.~Weihs},
title={On the distribution of the desirability index using {H}arrington's desirability function},
journal={Metrika},
year=2006,
volume={63},
number={2},
pages={207--213}
}

@article{dep2002,
author = {K. Deb and A. Pratap and S. Agarwal},
title = {A {F}ast and {E}litist {M}ultiobjectiv {G}enetic {A}lgorithm: {NSGA-II}},
journal={IEEE Transactions on Evolutionary Computation},
year=2002,
volume=6,
number=8,
pages={182--197}
}

@article{alamprese2007,
author = {C. Alamprese and  L. Datei and Q. Semeraro},
title = {Optimization of processing parameters of a ball mill refiner for chocolate},
journal = {Journal of Food Engineering},
year = 2007,
volume = 83,
number = 4,
pages={629--636}
}

@techreport{zitzler2001,
title = {SPEA2: Improving the Strength Pareto Evolutionary Algorithm},
author = {Zitzler, Eckart and Laumanns, Marco   and Thiele, Lothar},
institution = {ETH Zürich},
year = {2001}
}

@Article{beume2007,
author={Beume, Nicola and Naujoks, Boris and Emmerich, Michael},
title={SMS-EMOA: Multiobjective selection based on dominated hypervolume},
journal={European Journal of Operational Research},
year=2007,
volume=181,
number=3,
pages={1653-1669}
}