@article{derringer1980,
author = {G.~C.~Derringer and R.~Suich},
title = {Simultaneous {O}ptimization of {S}everal {R}esponse {V}ariables},
journal = {Journal of {Q}uality {T}echno\-logy},
volume = 12,
year = 1980,
pages = {214 -- 219}
}
 
@article{harrington1965,
author = {J.~Harrington},
title = {The desirability function},
journal = {{I}ndustrial {Q}uality {C}ontrol},
volume = 21,
pages = {494 -- 498},
year = 1965
}

@inproceedings{mehnen2007,
author = "J.~Mehnen and H.~Trautmann and A.~Tiwari",
title = {{I}ntroducing {U}ser {P}reference {U}sing {D}esirability {F}unctions in 
         {M}ulti-{O}bjective {E}volutionary {O}ptimisation of {N}oisy {P}rocesses},
editor = "Kay Chen Tan and Jian-Xin Xu",
year = 2007,
booktitle = {CEC 2007, IEEE Congress on Evolutionary Computation},
pages = {2687--2694},
address = "Swissotel The Stamford, Singapore",
}
 
@phdthesis{steuer2005,
author = {Detlef Steuer},
title = {Statistische Eigenschaften der Multikriteriellen Optimierung mittels Wünschbarkeiten},
school = {Technische Universit{\"a}t Dortmund},
year = 2005,
url={http://hdl.handle.net/2003/20171}
}
 
@phdthesis{trautmann2004,
author={H. Trautmann},
title={{Q}ualit{\"a}tskontrolle in der {I}ndustrie anhand von {K}ontrollkarten f{\"u}r
       {W}{\"u}nschbarkeitsindizes -- {A}nwendungsfeld {L}agerverwaltung},
school={Technische Universit{\"a}t Dortmund},
year={2004},
url={http://hdl.handle.net/2003/2794}
}

@techreport{trautmann2004a,
author={H. Trautmann and C. Weihs},
title={{U}ncertainty of the {O}ptimum {I}nfluence {F}actor {L}evels in {M}ulticriteria
        {O}ptimization {U}sing the {C}oncept of {D}esirability},
institution={{SFB 475}, {S}tatistics {F}aculty, Technische Universität Dortmund, {G}ermany},
year={2004},
number={23/2004}
}

@article{trautmann2006,
author={Heike Trautmann and Claus Weihs},
title={On the distribution of the desirability index using {H}arrington's desirability function},
journal={Metrika},
year=2006,
volume={63},
number={2},
pages={207--213}
}
